<record><leader>00000cas a2200000 i 4500</leader><controlfield tag="001">17660776</controlfield><controlfield tag="008">880322u1959uuuugaumn n       0    0eng c</controlfield><datafield ind1=" " ind2=" " tag="010"><subfield code="a">  2015233037</subfield></datafield><datafield ind1=" " ind2=" " tag="040"><subfield code="a">GUA</subfield><subfield code="b">eng</subfield><subfield code="e">rda</subfield><subfield code="c">GUA</subfield><subfield code="d">OCL</subfield><subfield code="d">OCLCQ</subfield><subfield code="d">OCLCO</subfield><subfield code="d">GUA</subfield></datafield><datafield ind1=" " ind2=" " tag="042"><subfield code="a">pcc</subfield></datafield><datafield ind1=" " ind2=" " tag="043"><subfield code="a">n-us-ga</subfield></datafield><datafield ind1="1" ind2="4" tag="050"><subfield code="a">LH1.U47</subfield><subfield code="b">P56</subfield></datafield><datafield ind1="0" ind2="4" tag="245"><subfield code="a">The Pink &amp; gray :</subfield><subfield code="b">freshman publication of the University of Georgia.</subfield></datafield><datafield ind1="3" ind2=" " tag="246"><subfield code="a">Pink and gray</subfield></datafield><datafield ind1=" " ind2="1" tag="264"><subfield code="a">[Athens, Georgia] :</subfield><subfield code="b">[University of Georgia],</subfield><subfield code="c">[1959-]</subfield></datafield><datafield ind1=" " ind2=" " tag="300"><subfield code="a">volumes :</subfield><subfield code="b">illustrations ;</subfield><subfield code="c">28 cm</subfield></datafield><datafield ind1=" " ind2=" " tag="336"><subfield code="a">text</subfield><subfield code="b">txt</subfield><subfield code="2">rdacontent</subfield></datafield><datafield ind1=" " ind2=" " tag="337"><subfield code="a">unmediated</subfield><subfield code="b">n</subfield><subfield code="2">rdamedia</subfield></datafield><datafield ind1=" " ind2=" " tag="338"><subfield code="a">volume</subfield><subfield code="b">nc</subfield><subfield code="2">rdacarrier</subfield></datafield><datafield ind1="1" ind2=" " tag="362"><subfield code="a">Began with: Volume 1, no. 1 (October 8, 1959).</subfield></datafield><datafield ind1=" " ind2=" " tag="500"><subfield code="a">"Pink and gray is a monthly publication by freshmen and for freshmen."</subfield></datafield><datafield ind1=" " ind2=" " tag="515"><subfield code="a">Some issues lack numerical and chronological designation.</subfield></datafield><datafield ind1=" " ind2=" " tag="515"><subfield code="a">Not published: December 1960, June 1960-August 1960, December 1960-January 1961, May-September 1961, January 1962, March 1962.</subfield></datafield><datafield ind1=" " ind2=" " tag="588"><subfield code="a">Description based on: Volume 1, no. 1 (October 8, 1959); title from masthead.</subfield></datafield><datafield ind1=" " ind2=" " tag="588"><subfield code="a">Latest issue consulted: Volume 3, no. 6 (May 23, 1962).</subfield></datafield><datafield ind1="2" ind2="0" tag="610"><subfield code="a">University of Georgia</subfield><subfield code="x">Freshmen</subfield><subfield code="v">Newspapers.</subfield></datafield><datafield ind1=" " ind2="0" tag="650"><subfield code="a">College freshmen</subfield><subfield code="v">Newspapers.</subfield></datafield><datafield ind1=" " ind2="0" tag="650"><subfield code="a">Student newspapers and periodicals.</subfield></datafield><datafield ind1="2" ind2=" " tag="710"><subfield code="a">University of Georgia,</subfield><subfield code="e">issuing body.</subfield></datafield></record>